
   
   @webpage{python,
      key =          "python",

      title =        "What is Python?  Executive Summary",
      howpublished = "online",

      url =          "https://www.python.org/doc/essays/blurb/",
      cited =        "2022-04-25"

   }
   
   @webpage{gitcalendar,
      key =          "gitcalendar",
      author = "Freek Van der Herten",
      title =        "Manage events on a Google Calendar",
      howpublished = "online",

      url =          "https://github.com/spatie/laravel-google-calendar",
      cited =        "2022-05-02"

   }
   
   @webpage{apriorilibrary,
      key =          "apriorilibrary",
     
      title =        "Apriori Associator",
      howpublished = "online",
      url =          "https://php-ml.readthedocs.io/en/latest/machine-learning/association/apriori/",
      cited =        "2022-05-02"

   }
   
   
   
    @BOOK{Kamber,
      author = "Han, J. and Pei, J. and Kamber, M.",

      title =        "Data Mining: Concepts  and Technuiques",
      publisher =    "Morgan Kaufmann",
      year =         "2012",
      edition = "3",
      isbn =         "978-0-12-381479-1",
  
    }
    
    @BOOK{lacko,
      author = "Lubomil Lacko",

      title =        "Databáze: datové sklady, OLAP a dolování dat s příklady v Microsoft SQL
Serveru a Oracle",
      publisher =    "Brno: Computer Press",
      year =         "2003",

      isbn =         "80-7226-969-0",
  
    }
    
    @webpage{mvc,
      key =          "mvc",
      author =       "David Čápka",
      title =        "MVC architektura",
      howpublished = "online",
     
      url =         "https://www.itnetwork.cz/php/mvc/objektovy-mvc-redakcni-system-v-php-popis-architektury",
      cited =        "2022-04-23"
    
    }
    
    @webpage{webapp,
      key =          "webapp",
      title =        "Web application",
      howpublished = "online",
     
      url =         "https://www.techtarget.com/searchsoftwarequality/definition/Web-application-Web-app",
      cited =        "2022-04-23"
    
    }
  
    
  
    @webpage{datamining,
      key =          "datamining",
   
      title =        "The steps for data mining process",
      howpublished = "online",
      year = "2020",
      url =         "https://www.researchgate.net/figure/The-steps-for-data-mining-process_fig3_344166043",
      cited =        "2022-04-26"
    
    }
    
    @webpage{mvcimage,
      key =          "mvcimage",
      author = "David Čápka",
      title =        "MVC architektura",
      howpublished = "online",
     
      url =         "https://www.itnetwork.cz/navrh/mvc-architektura-navrhovy-vzor",
      cited =        "2022-04-26"
    
    }
  
  
    @webpage{frontbackimage,
      key =          "frontbackimage",
   
      title =        "Frontend",
      howpublished = "online",
     
      url =         "https://www.seobility.net/en/wiki/Frontend",
      cited =        "2022-04-26"
    
    }
  
    @webpage{threelayer,
      key =          "threelayer",
   
      title =        "Třívrstvá architektuta",
      howpublished = "online",
      year = "2015",
      url =         "https://managementmania.com/cs/trivrstva-architektura-three-tier-architecture",
      cited =        "2022-04-24"
    
    }
    
    @webpage{clientServer,
      key =          "clientServer",
   
      title =        "Architektura klient-server (Client–server model)",
      howpublished = "online",
     
      url =         "https://managementmania.com/cs/architektura-klient-server",
      cited =        "2022-04-24"
    
    }
    
    @webpage{isimage,
      key =          "isimage",
      author = "Radek Burget",
      title =        "Pojem informačního systému, data, informace",
      year = "2020",
      howpublished = "online",
     
      url =         "https://wis.fit.vutbr.cz/FIT/st/cfs.php?file=%2Fcourse%2FIIS-IT%2Flectures%2Fp01_Informacni_systemy.pdf&cid=13985",
      cited =        "2022-04-24"
    
    }
    
    @webpage{is1,
      key =          "is1",
      author = "Šmíd Vladimír",
      title =        "Pojem informačního systému",
  
      howpublished = "online",
     
      url =         "https://www.fi.muni.cz/~smid/mis-infsys.htm",
      cited =        "2022-04-24"
    
    }
    
   @webpage{oltp,
      key =          "oltp",
    
      title =        "IBM Cloud Education: OLTP",
   
      howpublished = "online",
      year = "2020",
      url =         "https://www.ibm.com/cloud/learn/oltp",
      cited =        "2022-04-24"
    
    }




    @webpage{php,
      key =          "php",
      author = "Shweta, D.",
      title =        "What is PHP \& Reasons You Should Learn PHP",
      year = "2019",
      howpublished = "online",
     
      url =         "https://medium.com/javarevisited/what-is-php-reasons-you-should-learn-php-38f898a8e287",
      cited =        "2022-04-24"
    
    }


     @webpage{top10,
      key =          "top10",
      title =        "10 PHP Frameworks For Developers – Best of",
      author = " Anna Monus",
      howpublished = "online",
      year = "2018",
      url =         "https://www.hongkiat.com/blog/best-php-frameworks/",
      cited =        "2022-05-02"
    
    }

     @webpage{mysql1,
      key =          "mysql1",
      title =        "What is MySQL? Everything You Need to Know",

      howpublished = "online",
     
      url =         "https://www.talend.com/resources/what-is-mysql/",
      cited =        "2022-04-25"
    
    }

    @webpage{laravelsymfony,
      key =          "laravelsymfony",
      title =        "Laravel vs. Symfony: A Side by Side Comparison",
      author = "Mauro Chojrin",
      howpublished = "online",
     
      url =         "https://adevait.com/laravel/laravel-vs-symfony-comparison",
      cited =        "2022-04-25"
    
    }
    
    @webpage{mysql2,
      key =          "mysql2",
      title =        "CO JE TO DATABÁZE MYSQL?",

      howpublished = "online",
     
      url =         "https://best-hosting.cz/cs/napoveda/co-je-to-databaze-mysql",
      cited =        "2022-04-25"
    
    }

    @webpage{backend,
      key =          "backend",
      title =        "Backend",
   
      howpublished = "online",
     
      url =         "https://www.shoptet.cz/slovnik-pojmu/backend/",
      cited =        "2022-04-24"
    
    }
    
     @webpage{java,
      key =          "java",
      title =        "Java Tutorial - Tutorialspoint",
      author = "Aman Malhotra",
      howpublished = "online",
      year = "2019",
      url =         "https://www.xicom.biz/blog/9-best-reasons-to-choose-java-for-web-development/",
      cited =        "2022-04-24"
    
    }
    
    @webpage{codeigniterlaravel,
      key =          "codeigniterlaravel",
      title =        "Laravel vs CodeIgniter: Which is Better?",
      author = "Paul Jackson",
      howpublished = "online",
     
      url =         "https://www.guru99.com/laravel-vs-codeigniter.html",
      cited =        "2022-04-25"
    
    }
    
    
    
    @webpage{symfony,
      key =          "symfony",
      title =        "Lekce 1 - Úvod do Symfony frameworku pro PHP",
      author = "Jindřich Máca",
      howpublished = "online",
     
      url =         "https://www.itnetwork.cz/php/symfony/zaklady/uvod-do-symfony-frameworku-pro-php",
      cited =        "2022-04-25"
    
    }
    
 
    @webpage{sklad,
      key =          "sklad",
      author = "Roman Daniel",
      title =        "Datový sklad",
   
      howpublished = "online",
      year = "2010",
      url =         "https://homel.vsb.cz/~dan11/is_skripta/IS%202010%20-%20Danel%20-%20Datovy%20sklad.pdf",
      cited =        "2022-04-24"
    
    }
    
    @webpage{usecase,
      key =          "usecase",
      author =      "David Čápka",
      title =        "Lekce 2 - UML - Use Case Diagram",
      howpublished = "online",
      url =         "https://www.itnetwork.cz/navrh/uml/uml-use-case-diagram",
      cited =        "2022-04-24"
    
    }
    
    @webpage{artisan,
      key =          "artisan",

      title =        "Artisan Console",
      howpublished = "online",
      url =         "https://laravel.com/docs/9.x/artisan",
      cited =        "2022-04-24"
    
    }
    @webpage{laravel,
      key =          "laravel",
      author = "Szabolcs Szecsei",
      title =        "Advantages and Disadvantages of The Laravel Framework",
      howpublished = "online",
      year = "2020",
      url =         "https://www.popwebdesign.net/popart_blog/en/2020/03/advantages-and-disadvantages-of-the-laravel-framework/",
      cited =        "2022-04-25"
    }
    
    
    @webpage{composer,
      key =          "composer",

      title =         "Getting Started",
      howpublished = "online",
      url =         "https://getcomposer.org/doc/00-intro.md",
      cited =        "2022-04-24"
    }
    
    @webpage{cal,
      key =          "cal",
      author = "Pavel Kutáč",
      title =        "Google Calendar API - události z vlastního kalendář",
      howpublished = "online",
      url =         "https://www.kutac.cz/weby-a-vse-okolo/google-calendar-api-udalosti-z-vlastniho-kalendare",
      cited =        "2022-04-25"
    }
    
    @webpage{html,
      key =          "html",
      author = "David Čápka",
      title =        "Lekce 1 - Úvod do HTML a váš první web",
      howpublished = "online",
      url =         "https://www.itnetwork.cz/html-css/webove-stranky/jak-psat-moderni-web-html-tutorial-uvod-do-html",
      cited =        "2022-04-24"
    }
    
    @webpage{css,
      key =          "css",

      title =        "What is CSS?",
      howpublished = "online",
      url =         "https://www.thatcompany.com/what-is-css",
      cited =        "2022-04-24"
    }
    
     @webpage{clientimage,
      key =          "clientimage",
      author = "Michal Pohořelský",
      title =        "Klient-server",
      howpublished = "online",
      year = "2015",
      url =         "http://www.multimediaexpo.cz/mmecz/index.php/Klient-server",
      cited =        "2022-04-25"
    }
    
    @webpage{javascript1,
      key =          "javascript1",
      author = "David Čápka",
      title =        "Lekce 1 - Úvod do JavaScriptu",
      howpublished = "online",
      url =         "https://www.itnetwork.cz/javascript/zaklady/javascript-tutorial-uvod-do-javascriptu-nepochopeny-jazyk",
      cited =        "2022-04-24"
    }
    
    @webpage{dbpopular,
      key =          "dbpopular",
      author = "Mashesh Chand",
      title =        "Most Popular Databases In The World",
      howpublished = "online",
      url =         "https://www.c-sharpcorner.com/article/what-is-the-most-popular-database-in-the-world/
",
      cited =        "2022-04-25"
    }
    
    https://www.c-sharpcorner.com/article/what-is-the-most-popular-database-in-the-world/
    @webpage{javascript2,
      key =          "javascript2",
      author = "Barbora Koďousková",
      title =        "Javascript pro začátečníky: co to je a jak funguje",
      howpublished = "online",
      url =         "https://www.rascasone.com/cs/blog/co-je-javascript-pro-zacatecniky",
      cited =        "2022-04-24"
    }
    
    @webpage{db2,
      key =          "db2",
      title =        "DBMS (Database Management System) - systém řízení báze dat",
      howpublished = "online",
      url =         "https://managementmania.com/cs/dbms-database-management-system-system-rizeni-baze-dat",
      cited =        "2022-04-25"
    }
    
    
    @webpage{relacnidb,
      key =          "relacnidb",
      author = "Jan Můčka",
      title =        "Relační databáze vs. nerelační databáze: jaké jsou mezi nimi rozdíly?",
      howpublished = "online",
      year = "2021",
      url =         "https://www.master.cz/blog/relacni-databaze-nerelacni-databaze-jake-jsou-rozdily/",
      cited =        "2022-04-25"
    }
    
    @webpage{db1,
      key =          "db1",
      author = "Jan Štráfelda",
      title =        "Databáze",
      howpublished = "online",
      url =         "https://www.strafelda.cz/databaze",
      cited =        "2022-04-25"
    }
    
    
    
    @webpage{chart,
      key =          "chart",

      title =        "Simple yet flexible JavaScript charting for designers \& developers",
      howpublished = "online",
      url =         "https://www.chartjs.org/",
      cited =        "2022-04-24"
    
    }
    
     @webpage{googleapi,
      key =          "googleapi",

      title =        "Google API Console: APIs and Services",
      howpublished = "online",
      url =         "https://console.cloud.google.com/apis/dashboard",
      cited =        "2022-04-25"
    
    }
    
    @webpage{bootstrap,
      key =          "bootstrap",
      author = "Alexandre Ouellette",
      title =        "What is Bootstrap: A Beginner’s Guide",
      howpublished = "online",
      url =         "https://careerfoundry.com/en/blog/web-development/what-is-bootstrap-a-beginners-guide/",
      cited =        "2022-04-24"
    
    }
    
    @webpage{calendarapi,
      key =          "calendarapi",

      title =        "Google Calendar API Overview",
      howpublished = "online",
      url =         "https://developers.google.com/calendar/api/guides/overview",
      cited =        "2022-04-24"
    
    }
    
    @webpage{erdia,
      key =          "calendarapi",
      author = "Jaroslav Zendulka and Vadimír Bartík",

      title =        "Konceptuální modelování",
      howpublished = "online",
      url =         "https://wis.fit.vutbr.cz/FIT/st/cfs.php?file=%2Fcourse%2FIDS-IT%2Flectures%2Fcz%2F2_kmod.pdf&cid=13296",
      cited =        "2022-04-25"
    
    }
   

    
